@misc{rir_generator,
  author = {Habets, E.A.P.},
  title = {ehabets/ANF-Generator: ANF Generator},
  year = 2021,
  url = {https://github.com/ehabets/ANF-Generator}
}

@article{anf,
  author = {Habets, E.A.P. and Cohen, I. and Gannot, S.},
  title = {Generating nonstationary multisensor signals under a spatial coherence constraint},
  journal = {The Journal of the Acoustical Society of America},
  volume = {124},
  number = {5},
  pages = {2911--2917},
  year = {2008},
  doi = {10.1121/1.2987429},
}

@article{anf-revised,
  author = {Mirabilii, D. and Schlecht, S.J. and Habets, E.A.P.},
  title = {Generating coherence-constrained multisensor signals using balanced mixing and spectrally smooth filters},
  journal = {The Journal of the Acoustical Society of America},
  volume = {149},
  number = {3},
  pages = {1425-â€“1433},
  year = {2021},
  doi = {10.1121/10.0003565},
}
